@book{karatzas:shreve:1991,
  author    = {Karatzas, I. and Shreve, S.E.}, 
  title     = {Brownian Motion and Stochastic Calculus},
  publisher = {Springer},
  year      = {1991},
  address   = {Berlin},
  edition   = {2}
}

@ARTICLE{ozaki:1992,
  author = {Ozaki, T.},
  title = {A bridge between nonlinear time series models and nonlinear stochastic dynamical
systems: a local linearization approach},
  journal = {Statistica Sinica},
  year = {1992},
  volume = {2},
  pages = {1130--135}
}

@ARTICLE{shoji:ozaki:1998,
  author = {Shoji, I. and Ozaki, T.},
  title = {A statistical method of estimation and simulation for systems of stochastic differential equations},
  journal = {Biometrika},
  year = {1998},
  volume = {85},
  pages = {240--243}
}

@ARTICLE{doucetgodsillandrieu:2000,
  author = {Doucet, A. and Godsill, S. and Andrieu, C.},
  title = {On sequential Monte-Carlo sampling methods for Bayesian filtering},
  journal = {Statistics and Computing},
	year = {2000},
  volume = {10},
  pages = {197 -- 208}
}

@ARTICLE{beskos:papaspiliopoulos:roberts:fearnhead:2006,
  author = {Beskos, A. and Papaspiliopoulos, O. and Roberts, G. and Fearnhead, P.},
  title = {Exact and computationally efficient likelihood-based estimation for discretely observed diffusion processes (with discusion)},
  journal = {J. Roy. Statist. Soc. Ser. B},
  year = {2006},
  volume = {68},
  number = {3},
  pages = {333--382}
}

  @article{godsill:doucet:west:2004,
  author = {S. J. Godsill and A. Doucet and M. West},
  title = {{M}onte {C}arlo smoothing for non-linear time series},
  journal = {J. Am. Statist. Assoc.},
  year = {2004},
  volume = {50},
  pages = {438--449}
}

@article{delmoral:doucet:singh:2010,
	title = { {A} {B}ackward {P}article {I}nterpretation of {F}eynman-{K}ac {F}ormulae},
	author = {{D}el {M}oral, {P}. and {D}oucet, {A}. and {S}ingh, {S}.},
    journal = {ESAIM M2AN},
    volume= 44,
    number= 5,
    pages= {947--975},
    year= 2010
}

@article{mongillo:deneve:2008,
  author = {Mongillo, G. and Deneve, S.},
  title = {Online learning with hidden {M}arkov models},
  journal = {Neural Computation},
  volume= 20,
  number= 7,
  pages = {1706--1716},
  year = {2008}
}

@article{lecorff:fort:2013a,
  title={Convergence of a particle-based approximation of the Block Online {E}xpectation {M}aximization algorithm},
  author={Le Corff, S. and Fort, G.},
  journal={ACM Transactions on Modeling and Computer Simulation},
  volume={23},
  number={1},
  pages={2},
  year={2013},
  publisher={ACM}
}

@article{lecorff:fort:2013b,
  title={Online {E}xpectation {M}aximization based algorithms for inference in hidden {M}arkov models},
  author={Le Corff, S. and Fort, G.},
  journal={Electronic Journal of Statistics},
  volume={7},
  pages={763--792},
  year={2013},
  publisher={Institute of Mathematical Statistics}
}

@article {kantas:doucet:signh:2015,
    AUTHOR = {Kantas, N. and Doucet, A. and Singh, S.S. and
              Maciejowski, J. and Chopin, N.},
     TITLE = {On particle methods for parameter estimation in state-space
              models},
   JOURNAL = {Statist. Sci.},
  FJOURNAL = {Statistical Science. A Review Journal of the Institute of
              Mathematical Statistics},
    VOLUME = {30},
      YEAR = {2015},
    NUMBER = {3},
     PAGES = {328--351},
      ISSN = {0883-4237},
   MRCLASS = {62M05 (62F15 62M20)},
  MRNUMBER = {3383884},
MRREVIEWER = {Teo Sharia},
       DOI = {10.1214/14-STS511},
       URL = {http://dx.doi.org/10.1214/14-STS511},
}

@article{doucet:poyiadjis:singh:2011,
	author = "Poyiadjis, G. and Doucet, A. and Singh, S.S",
	journal = "Biometrika",
	pages = "65--80",
	title = "{Particle approximations of the score and observed information matrix in state space models with application to parameter estimation}",
	volume = "98",
	year = "2011"
}

@article{huerzeler:kunsch:1998,
  author = {H{\"u}rzeler, M. and K{\"u}nsch, H. R.},
  title = {{M}onte {C}arlo Approximations for General State-Space Models},
  journal =  {J. Comput. Graph. Statist.},
  year = {1998},
  volume = {7},
  pages = {175--193}
}

@article{doucet:godsill:andrieu:2000,
  author = {Doucet, A. and Godsill, S. and Andrieu, C.},
  title = {On sequential {M}onte-{C}arlo sampling methods for {B}ayesian filtering},
  journal = {Stat. Comput.},
  year = {2000},
  volume = {10},
  pages = {197--208},
  localurl = {https://markov.enst.fr/files/cappe/ihmm/doucet_godsill_andrieu_2000.pdf}
  }
  
@book{cappe:moulines:ryden:2005,
  title = {Inference in Hidden {M}arkov Models},
  publisher = {Springer},
  year = {2005},
  author = {O. Capp\'{e} and E. Moulines and T. Ryd\'{e}n}
  }

@ARTICLE{roberts:tweedie:1996,
  author = {Roberts, G.O. and Tweedie, R.L.},
  title = {Exponential convergence of Langevin distributions and their discrete approximations},
  journal = {Bernoulli},
  year = {1996},
  volume = {2},
  number = {4},
  pages = {341--363}
}

@ARTICLE{fearnhead:papaspiliopoulos:roberts:2008,
  author = {Beskos, A. and Papaspiliopoulos, O. and Roberts, G. and Fearnhead, P.},
  title = {Particle filters for partially observed diffusions},
  journal = {J. Roy. Statist. Soc. Ser. B},
  year = {2006},
  volume = {70},
  number = {4},
  pages = {755--777}
}

@article{cappe:2011,
  author = {Cappe, O.},
  title = {Online {EM} algorithm for hidden {M}arkov models},
  journal = {Journal of {C}omputational and
{G}raphical {S}tatistics},
  volume= 20,
  number= 73,
  pages = {728--749},
  year = {2011}
}

@article{douc:garivier:moulines:olsson:2011,
  author = {Douc, R. and Garivier, A. and Moulines, E. and Olsson, J.},
  title = {Sequential {M}onte {C}arlo smoothing for general state space hidden {M}arkov models},
  journal = {Ann. Appl. Probab.},
  year = {2011},
  volume= {21},
    number= {6},
    pages= {2109--2145}
}

@article{dubarry:lecorff:2011,
	author = "Dubarry, C. and Le Corff, S.",
	journal = "{IEEE Statistical Signal Processing Workshop (SSP)}",
	pages = "197--200",
	title = "Fast computation of smoothed additive functionals in general state-space models",
	year = "2011"
}

@ARTICLE{olsson:Strojby:2011,
  author = {Olsson, J. and Strojby, J.},
  title = {Particle-based likelihood inference in partially observed diffusion processes using generalised {P}oisson estimators},
  journal = {Electron. J. Statist.},
  year = {2011},
  volume = {5},
  pages = {1090--1122}
}

@ARTICLE{dempster:laird:rubin:1977,
  author = {Dempster, A. P. and Laird, N. M.  and Rubin, D. B.},
  title = {Maximum likelihood from incomplete data via the {EM} algorithm},
  journal = {J. Roy. Statist. Soc. B},
  year = {1977},
  volume = {39},
  pages = {1--38 (with discussion)},
  number = {1}
}

@ARTICLE{olsson:cappe:douc:moulines:2008,
  author = {Olsson, J. and Cappe, O. and Douc, R. and Moulines, E.},
  title = {Sequential Monte Carlo smoothing with
application to parameter estimation in
nonlinear state space models},
  journal = {Bernoulli},
	year = {2008},
  volume = {14},
  number = {1},
  pages = {155--179}
}

@article{gordon:salmond:smith:1993,
  author = {Gordon, N. and Salmond, D. and Smith, A.F.},
  title = {Novel approach to nonlinear/non-{G}aussian Bayesian state estimation},
  journal =  {{IEE} Proc. {F}, Radar Signal Process},
  year = {1993},
  volume = {140},
  pages = {107--113}
}

@article{kitagawa:1996,
  author = {Kitagawa, G.},
  title = {{M}onte-{C}arlo filter and smoother for non-{G}aussian nonlinear
    state space models},
  journal = {J. Comput. Graph. Statist.},
  year = {1996},
  volume = {1},
  pages = {1--25}
}


@ARTICLE{olsson:westerborn:2016,
  author = {Olsson, J. and Westerborn, J.},
  title = {Efficient particle-based online smoothing in general hidden {M}arkov models: the {PaRIS}
algorithm},
  journal = {ArXiv:1412.7550},
  year = {2016}
}